@article {shah-zaman-2,
    AUTHOR = {Shah, Devavrat and Zaman, Tauhid},
    TITLE = {Finding rumor sources on random trees},
    JOURNAL = {Oper. Res.},
    FJOURNAL = {Operations Research},
    VOLUME = {64},
    YEAR = {2016},
    NUMBER = {3},
    PAGES = {736--755},
    ISSN = {0030-364X},
    MRCLASS = {05C05 (05C80 91D30)},
    MRNUMBER = {3515208},
    MRREVIEWER = {Stephen J. Young},
    DOI = {10.1287/opre.2015.1455},
    URL = {https://doi.org/10.1287/opre.2015.1455},
}

@article {barabasi,
    AUTHOR = {Barab\'asi, Albert-L\'aszl\'o and Albert, R\'eka},
    TITLE = {Emergence of scaling in random networks},
    JOURNAL = {Science},
    FJOURNAL = {American Association for the Advancement of Science. Science},
    VOLUME = {286},
    YEAR = {1999},
    NUMBER = {5439},
    PAGES = {509--512},
    ISSN = {0036-8075},
    MRCLASS = {05C80 (68R10 68U35 82C44 94C99)},
    MRNUMBER = {2091634},
    DOI = {10.1126/science.286.5439.509},
    URL = {https://doi.org/10.1126/science.286.5439.509},
}

@book {gabor-concentration,
    AUTHOR = {Boucheron, St\'ephane and Lugosi, G\'abor and Massart, Pascal},
    TITLE = {Concentration Inequalities: {A} Nonasymptotic Theory of Independence},
    PUBLISHER = {Oxford University Press, Oxford},
    YEAR = {2013},
    PAGES = {x+481},
    ISBN = {978-0-19-953525-5},
    MRCLASS = {60E15 (60D05 60G15 60G50 60G70 62G20)},
    MRNUMBER = {3185193},
    MRREVIEWER = {Sreenivasan Ravi},
    DOI = {10.1093/acprof:oso/9780199535255.001.0001},
    URL = {https://doi.org/10.1093/acprof:oso/9780199535255.001.0001},
}

@book {fpp,
    AUTHOR = {Auffinger, Antonio and Damron, Michael and Hanson, Jack},
    TITLE = {50 Years of First-Passage Percolation},
    SERIES = {University Lecture Series},
    VOLUME = {68},
    PUBLISHER = {American Mathematical Society, Providence, RI},
    YEAR = {2017},
    PAGES = {v+161},
    ISBN = {978-1-4704-4183-8},
    MRCLASS = {60K35 (82B43)},
    MRNUMBER = {3729447},
}

@article {blackwell,
    AUTHOR = {Blackwell, David and MacQueen, James B.},
    TITLE = {Ferguson distributions via {P}\'olya urn schemes},
    JOURNAL = {Ann. Statist.},
    FJOURNAL = {The Annals of Statistics},
    VOLUME = {1},
    YEAR = {1973},
    PAGES = {353--355},
    ISSN = {0090-5364},
    MRCLASS = {62E10},
    MRNUMBER = {0362614},
    MRREVIEWER = {I. J. Good},
    URL = {http://links.jstor.org/sici?sici=0090-5364(197303)1:2<353:FDVPUS>2.0.CO;2-5&origin=MSN}
}

@article {na-rapoport,
    AUTHOR = {Na, Hwa Sung and Rapoport, Anatol},
    TITLE = {Distribution of nodes of a tree by degree},
    JOURNAL = {Math. Biosci.},
    FJOURNAL = {Mathematical Biosciences},
    VOLUME = {6},
    YEAR = {1970},
    PAGES = {313--329},
    ISSN = {0025-5564},
    MRCLASS = {05.40},
    MRNUMBER = {0278985},
    DOI = {10.1016/0025-5564(70)90071-4},
    URL = {https://doi.org/10.1016/0025-5564(70)90071-4},
}

@inproceedings {moon,
    AUTHOR = {Moon, J. W.},
    TITLE = {The distance between nodes in recursive trees},
    BOOKTITLE = {Combinatorics ({P}roc. {B}ritish {C}ombinatorial {C}onf., {U}niv. {C}oll. {W}ales, {A}berystwyth, 1973)},
    PAGES = {125--132. London Math. Soc. Lecture Note Ser., No. 13},
    PUBLISHER = {Cambridge Univ. Press, London},
    YEAR = {1974},
    MRCLASS = {05C05 (60C05)},
    MRNUMBER = {0357186},
    MRREVIEWER = {C. St. J. A. Nash-Williams},
}

@article {devroye-records,
    AUTHOR = {Devroye, Luc},
    TITLE = {Applications of the theory of records in the study of random trees},
    JOURNAL = {Acta Inform.},
    FJOURNAL = {Acta Informatica},
    VOLUME = {26},
    YEAR = {1988},
    NUMBER = {1-2},
    PAGES = {123--130},
    ISSN = {0001-5903},
    MRCLASS = {60C05 (68R10)},
    MRNUMBER = {969872},
    MRREVIEWER = {Andrzej Ruci\'nski},
    DOI = {10.1007/BF02915448},
    URL = {https://doi.org/10.1007/BF02915448},
}

@book {drmota,
    AUTHOR = {Drmota, Michael},
    TITLE = {Random Trees: An Interplay Between Combinatorics and Probability},
    PUBLISHER = {SpringerWienNewYork, Vienna},
    YEAR = {2009},
    PAGES = {xviii+458},
    ISBN = {978-3-211-75355-2},
    MRCLASS = {05-02 (05C80 60-02 60C05 68P05 68P10 68W40)},
    MRNUMBER = {2484382},
    MRREVIEWER = {Lyuben R. Mutafchiev},
    DOI = {10.1007/978-3-211-75357-6},
    URL = {https://doi.org/10.1007/978-3-211-75357-6},
}

@book {motwani-raghavan,
    AUTHOR = {Motwani, Rajeev and Raghavan, Prabhakar},
    TITLE = {Randomized algorithms},
    PUBLISHER = {Cambridge University Press, Cambridge},
    YEAR = {1995},
    PAGES = {xiv+476},
    ISBN = {0-521-47465-5},
    MRCLASS = {65Cxx (60G42 60J20 65Yxx 68Q25)},
    MRNUMBER = {1344451},
    MRREVIEWER = {Mark R. Jerrum},
    DOI = {10.1017/CBO9780511814075},
    URL = {https://doi.org/10.1017/CBO9780511814075},
}

@article{bernstein,
  title={On a modification of {C}hebyshev's inequality and of the error formula of {L}aplace},
  author={Bernstein, S.},
  journal={Ann. Sci. Inst. Savantes Ukraine, Sect. Math.},
  volume={1},
  year={1924},
  pages={38--49},
  note={(Russian)}
}

@article{sukhatme,
  title={Tests of significance for samples of the $\chi^2$-population with two degrees of freedom},
  author={Sukhatme, P. V.},
  journal={Ann. Hum. Genet.},
  volume={8},
  number={1},
  pages={52--56},
  year={1937},
  publisher={Wiley Online Library}
}

@book {luc-variate-generation,
    AUTHOR = {Devroye, Luc},
    TITLE = {Nonuniform Random Variate Generation},
    PUBLISHER = {Springer-Verlag, New York},
    YEAR = {1986},
    PAGES = {xvi+843},
    ISBN = {0-387-96305-7},
    MRCLASS = {65C10 (62-04 62E15 90-04)},
    MRNUMBER = {836973},
    MRREVIEWER = {James E. Gentle},
    DOI = {10.1007/978-1-4613-8643-8},
    URL = {https://doi.org/10.1007/978-1-4613-8643-8},
}

@article {finding-adam,
    AUTHOR = {Bubeck, S\'ebastien and Devroye, Luc and Lugosi, G\'abor},
    TITLE = {Finding {A}dam in random growing trees},
    JOURNAL = {Random Structures Algorithms},
    FJOURNAL = {Random Structures \& Algorithms},
    VOLUME = {50},
    YEAR = {2017},
    NUMBER = {2},
    PAGES = {158--172},
    ISSN = {1042-9832},
    MRCLASS = {05C80 (05C05 60C05 62F10)},
    MRNUMBER = {3607120},
    MRREVIEWER = {Hai Yan Chen},
    DOI = {10.1002/rsa.20649},
    URL = {https://doi.org/10.1002/rsa.20649},
}

@article {seed-influence,
    AUTHOR = {Bubeck, S\'ebastien and Eldan, Ronen and Mossel, Elchanan and R\'acz, Mikl\'os Z.},
    TITLE = {From trees to seeds: on the inference of the seed from large trees in the uniform attachment model},
    JOURNAL = {Bernoulli},
    FJOURNAL = {Bernoulli. Official Journal of the Bernoulli Society for Mathematical Statistics and Probability},
    VOLUME = {23},
    YEAR = {2017},
    NUMBER = {4A},
    PAGES = {2887--2916},
    ISSN = {1350-7265},
    MRCLASS = {60C05 (05C80 60G42)},
    MRNUMBER = {3648049},
    DOI = {10.3150/16-BEJ831},
    URL = {https://doi.org/10.3150/16-BEJ831},
}

@article {shah-zaman,
    AUTHOR = {Shah, Devavrat and Zaman, Tauhid},
    TITLE = {Rumors in a network: {W}ho's the culprit?},
    JOURNAL = {IEEE Trans. Inform. Theory},
    FJOURNAL = {Institute of Electrical and Electronics Engineers. Transactions on Information Theory},
    VOLUME = {57},
    YEAR = {2011},
    NUMBER = {8},
    PAGES = {5163--5181},
    ISSN = {0018-9448},
    MRCLASS = {94A05 (05C82 91D30)},
    MRNUMBER = {2849111},
    MRREVIEWER = {Christian Lavault},
    DOI = {10.1109/TIT.2011.2158885},
    URL = {https://doi.org/10.1109/TIT.2011.2158885},
}

@article {random-centrality,
    AUTHOR = {Shah, Devavrat and Zaman, Tauhid},
    TITLE = {Finding rumor sources on random trees},
    JOURNAL = {Oper. Res.},
    FJOURNAL = {Operations Research},
    VOLUME = {64},
    YEAR = {2016},
    NUMBER = {3},
    PAGES = {736--755},
    ISSN = {0030-364X},
    MRCLASS = {05C05 (05C80 91D30)},
    MRNUMBER = {3515208},
    MRREVIEWER = {Stephen J. Young},
    DOI = {10.1287/opre.2015.1455},
    URL = {https://doi.org/10.1287/opre.2015.1455},
}
							  

@article{path-centroid,
  title={Locating central paths in a graph},
  author={Slater, Peter J},
  journal={Transp. Sci.},
  volume={16},
  number={1},
  pages={1--18},
  year={1982},
  publisher={INFORMS}
}

@article {jordan-centroid,
    AUTHOR = {Jordan, Camille},
    TITLE = {Sur les assemblages de lignes},
    JOURNAL = {J. Reine Angew. Math.},
    FJOURNAL = {Journal f\"ur die Reine und Angewandte Mathematik. [Crelle's Journal]},
    VOLUME = {70},
    YEAR = {1869},
    PAGES = {185--190},
    ISSN = {0075-4102},
    MRCLASS = {DML},
    MRNUMBER = {1579443},
    DOI = {10.1515/crll.1869.70.185},
    URL = {https://doi.org/10.1515/crll.1869.70.185},
}

@article {curien-influence,
    AUTHOR = {Curien, Nicolas and Duquesne, Thomas and Kortchemski, Igor and Manolescu, Ioan},
    TITLE = {Scaling limits and influence of the seed graph in preferential attachment trees},
    JOURNAL = {J. \'Ec. polytech. Math.},
    FJOURNAL = {Journal de l'\'Ecole polytechnique. Math\'ematiques},
    VOLUME = {2},
    YEAR = {2015},
    PAGES = {1--34},
    ISSN = {2429-7100},
    MRCLASS = {05C80 (60C05)},
    MRNUMBER = {3326003},
    MRREVIEWER = {Will Perkins},
    DOI = {10.5802/jep.15},
    URL = {https://doi.org/10.5802/jep.15},
}

@article {ling-centrality,
    AUTHOR = {Jog, Varun and Loh, Po-Ling},
    TITLE = {Analysis of centrality in sublinear preferential attachment trees via the {C}rump-{M}ode-{J}agers branching process},
    JOURNAL = {IEEE Trans. Network Sci. Eng.},
    FJOURNAL = {IEEE Transactions on Network Science and Engineering},
    VOLUME = {4},
    YEAR = {2017},
    NUMBER = {1},
    PAGES = {1--12},
    ISSN = {2327-4697},
    MRCLASS = {94C15},
    MRNUMBER = {3625951},
    DOI = {10.1109/TNSE.2016.2622923},
    URL = {https://doi.org/10.1109/TNSE.2016.2622923},
}

@article {bubeck-influence1,
    AUTHOR = {Bubeck, S\'ebastien and Mossel, Elchanan and R\'acz, Mikl\'os Z.},
    TITLE = {On the influence of the seed graph in the preferential attachment model},
    JOURNAL = {IEEE Trans. Network Sci. Eng.},
    FJOURNAL = {IEEE Transactions on Network Science and Engineering},
    VOLUME = {2},
    YEAR = {2015},
    NUMBER = {1},
    PAGES = {30--39},
    ISSN = {2327-4697},
    MRCLASS = {94C15},
    MRNUMBER = {3361606},
    DOI = {10.1109/TNSE.2015.2397592},
    URL = {https://doi.org/10.1109/TNSE.2015.2397592},
}

@article {jog-persistence,
    AUTHOR = {Jog, Varun and Loh, Po-Ling},
    TITLE = {Persistence of centrality in random growing trees},
    JOURNAL = {Random Structures Algorithms},
    FJOURNAL = {Random Structures \& Algorithms},
    VOLUME = {52},
    YEAR = {2018},
    NUMBER = {1},
    PAGES = {136--157},
    ISSN = {1042-9832},
    MRCLASS = {05C80 (05C81 60C05)},
    MRNUMBER = {3731614},
    MRREVIEWER = {Yun-Zhi Yan},
    DOI = {10.1002/rsa.20726},
    URL = {https://doi.org/10.1002/rsa.20726},
}

@article {khim-confidence,
    AUTHOR = {Khim, Justin and Loh, Po-Ling},
    TITLE = {Confidence sets for the source of a diffusion in regular trees},
    JOURNAL = {IEEE Trans. Network Sci. Eng.},
    FJOURNAL = {IEEE Transactions on Network Science and Engineering},
    VOLUME = {4},
    YEAR = {2017},
    NUMBER = {1},
    PAGES = {27--40},
    ISSN = {2327-4697},
    MRCLASS = {94C15},
    MRNUMBER = {3625953},
    DOI = {10.1109/TNSE.2016.2627502},
    URL = {https://doi.org/10.1109/TNSE.2016.2627502},
}

@book {bonato,
    AUTHOR = {Bonato, Anthony},
    TITLE = {A Course on the Web Graph},
    SERIES = {Graduate Studies in Mathematics},
    VOLUME = {89},
    PUBLISHER = {American Mathematical Society, Providence, RI; Atlantic Association for Research in the Mathematical Sciences (AARMS), Halifax, NS},
    YEAR = {2008},
    PAGES = {xii+184},
    ISBN = {978-0-8218-4467-0},
    MRCLASS = {05-01 (05C80 05C90 68R10 94C15)},
    MRNUMBER = {2389013},
    MRREVIEWER = {Abraham D. Flaxman},
    DOI = {10.1090/gsm/089},
    URL = {https://doi.org/10.1090/gsm/089},
}

@book {durrett,
    AUTHOR = {Durrett, Rick},
    TITLE = {Random Graph Dynamics},
    SERIES = {Cambridge Series in Statistical and Probabilistic Mathematics},
    VOLUME = {20},
    PUBLISHER = {Cambridge University Press, Cambridge},
    YEAR = {2010},
    PAGES = {x+210},
    ISBN = {978-0-521-15016-3},
    MRCLASS = {05C80 (05-02 60-02 60C05 60G50 60K35 82C41)},
    MRNUMBER = {2656427},
}

@book {remco,
    AUTHOR = {van der Hofstad, Remco},
    TITLE = {Random Graphs and Complex Networks. {V}ol. 1},
    SERIES = {Cambridge Series in Statistical and Probabilistic Mathematics},
    VOLUME = {43},
    PUBLISHER = {Cambridge University Press, Cambridge},
    YEAR = {2017},
    PAGES = {xvi+321},
    ISBN = {978-1-107-17287-6},
    MRCLASS = {05-01 (05C80 05C82)},
    MRNUMBER = {3617364},
    DOI = {10.1017/9781316779422},
    URL = {https://doi.org/10.1017/9781316779422},
}

@book {upfal,
    AUTHOR = {Mitzenmacher, Michael and Upfal, Eli},
    TITLE = {Probability and Computing: Randomized Algorithms and Probabilistic Analysis},
    PUBLISHER = {Cambridge University Press, Cambridge},
    YEAR = {2005},
    PAGES = {xvi+352},
    ISBN = {0-521-83540-2},
    MRCLASS = {68-01 (60C05 60G42 60J10 60J25 60K25 68W20 68W40)},
    MRNUMBER = {2144605},
    MRREVIEWER = {Mark R. Jerrum},
    DOI = {10.1017/CBO9780511813603},
    URL = {https://doi.org/10.1017/CBO9780511813603},
}

@misc{nist,
    key = "{\relax DLMF}",
    title = "{\it NIST Digital Library of Mathematical Functions}",
    howpublished = "http://dlmf.nist.gov/, Release 1.0.20 of 2018-09-15",
    url = "http://dlmf.nist.gov/",
    note = "F.~W.~J. Olver, A.~B. {Olde Daalhuis}, D.~W. Lozier, B.~I. Schneider, R.~F. Boisvert, C.~W. Clark, B.~R. Miller and B.~V. Saunders, eds."
}

@article{gabor,
    AUTHOR = {Lugosi, G\'{a}bor and Pereira, Alan S.},
    TITLE = {Finding the seed of uniform attachment trees},
    journal = "ArXiv pre-print",
    note = {\url{https://arxiv.org/abs/1801.01816}},
    year = {2018},
}


@article {haigh,
    AUTHOR = {Haigh, John},
    TITLE = {The recovery of the root of a tree},
    JOURNAL = {J. Appl. Probability},
    FJOURNAL = {Journal of Applied Probability},
    VOLUME = {7},
    YEAR = {1970},
    PAGES = {79--88},
    ISSN = {0021-9002},
    MRCLASS = {60.67},
    MRNUMBER = {0253434},
    MRREVIEWER = {I. J. Good},
    DOI = {10.1017/s0021900200026954},
    URL = {https://doi.org/10.1017/s0021900200026954},
}
